<record><leader>00000cas a2200000 a 4500</leader><controlfield tag="001">10147861</controlfield><controlfield tag="008">831119d18261867pauwr ne      0   a0eng c</controlfield><datafield ind1=" " ind2=" " tag="010"><subfield code="a">sn 83032079 </subfield></datafield><datafield ind1=" " ind2=" " tag="040"><subfield code="a">NPU</subfield><subfield code="b">eng</subfield><subfield code="c">NPU</subfield><subfield code="d">NPH</subfield><subfield code="d">NPY</subfield><subfield code="d">DLC</subfield><subfield code="d">NPX</subfield><subfield code="d">NVF</subfield><subfield code="d">OCL</subfield><subfield code="d">DLC</subfield><subfield code="d">NVF</subfield><subfield code="d">OCLCF</subfield><subfield code="d">OCLCO</subfield></datafield><datafield ind1=" " ind2=" " tag="042"><subfield code="a">pcc</subfield></datafield><datafield ind1=" " ind2=" " tag="043"><subfield code="a">n-us-pa</subfield></datafield><datafield ind1="0" ind2="0" tag="050"><subfield code="a">Newspaper 9421</subfield></datafield><datafield ind1="0" ind2="4" tag="245"><subfield code="a">The Adams sentinel.</subfield></datafield><datafield ind1="1" ind2="7" tag="246"><subfield code="a">Adams sentinel and general advertiser</subfield><subfield code="f">&lt;1832-1863&gt;</subfield></datafield><datafield ind1=" " ind2=" " tag="260"><subfield code="a">Gettysburg, Pa. :</subfield><subfield code="b">Robert G. Harper,</subfield><subfield code="c">1826-1867.</subfield></datafield><datafield ind1=" " ind2=" " tag="300"><subfield code="a">58 v. ;</subfield><subfield code="c">54 cm.</subfield></datafield><datafield ind1=" " ind2=" " tag="310"><subfield code="a">Weekly</subfield></datafield><datafield ind1="0" ind2=" " tag="362"><subfield code="a">Vol. 10, no. 14 (Feb. 8, 1826)-v. 67, no. 26 (May 21, 1867).</subfield></datafield><datafield ind1=" " ind2=" " tag="515"><subfield code="a">Issue for v. 19 erroneously designated v. 9.</subfield></datafield><datafield ind1=" " ind2=" " tag="500"><subfield code="a">Editor: Robert G. Harper, &lt;1852&gt;.</subfield></datafield><datafield ind1=" " ind2=" " tag="580"><subfield code="a">Merged with: Gettysburg star, to form: Star and sentinel (Gettysburg, Pa. : Weekly).</subfield></datafield><datafield ind1=" " ind2="0" tag="651"><subfield code="a">Gettysburg (Pa.)</subfield><subfield code="v">Newspapers.</subfield></datafield><datafield ind1=" " ind2="7" tag="655"><subfield code="a">Newspapers.</subfield><subfield code="2">fast</subfield><subfield code="0">(OCoLC)fst01423814</subfield></datafield><datafield ind1=" " ind2="7" tag="651"><subfield code="a">Pennsylvania</subfield><subfield code="z">Gettysburg.</subfield><subfield code="2">fast</subfield><subfield code="0">(OCoLC)fst01214261</subfield></datafield><datafield ind1=" " ind2=" " tag="752"><subfield code="a">United States</subfield><subfield code="b">Pennsylvania</subfield><subfield code="c">Adams</subfield><subfield code="d">Gettysburg.</subfield></datafield><datafield ind1="0" ind2="0" tag="780"><subfield code="t">Adams centinel (Gettysburg, Pa. : 1813)</subfield><subfield code="w">(DLC)sn 85055088</subfield></datafield><datafield ind1="1" ind2="7" tag="785"><subfield code="t">Gettysburg star</subfield><subfield code="w">(DLC)sn 86053513</subfield></datafield><datafield ind1="1" ind2="7" tag="785"><subfield code="t">Star and sentinel (Gettysburg, Pa. : Weekly)</subfield><subfield code="w">(DLC)sn 83032076</subfield></datafield></record>